@misc{ wiki:Overboard!,
   author = "Wikipedia",
   title = "{Overboard!} --- {W}ikipedia{,} The Free Encyclopedia",
   year = "2015",
   howpublished = {\url{http://en.wikipedia.org/w/index.php?title=Overboard!&oldid=679064544}},
   note = "[Online; accessed 10-November-2015]"
 }

@book{dirksen2013learning,
  title={Learning Three.js: The JavaScript 3D Library for WebGL},
  author={Dirksen, J.},
  isbn={9781782166290},
  series={Community experience distilled},
  url={https://books.google.si/books?id=6TVeAQAAQBAJ},
  year={2013},
  publisher={Packt Publishing}
}
